
                    <record>
                        <leader>00000nam a22000002a 4500</leader>
                        <controlfield tag="008"></controlfield>
                        <datafield tag="245" ind1="1" ind2="4">
                            <subfield code="a">The Processing of Lexical Stress During Disordered Reading</subfield></datafield>
                        <datafield tag="100" ind1="1" ind2=" "><subfield code="a">Arciuli, J.</subfield>
                        </datafield>
                        <datafield tag="700" ind1="1" ind2=" "><subfield code="a">Cupples, L.</subfield>
                        </datafield>
                        <datafield tag="700" ind1="1" ind2=" "><subfield code="a">Nickels, L.</subfield>
                        </datafield>
                    
                        <datafield tag="300" ind1=" " ind2=" "><subfield code="a">1 page</subfield>
                        </datafield>
                        <datafield tag="773" ind1="0" ind2="8"><subfield code="t">Abstracts of the Inaugural Australian Conference for Cognitive Neuropsychology and Cognitive Neuropsychiatry</subfield>
                            <subfield code="g">p. 119-126</subfield>
                            <subfield code="a">Marina Haywood (ed).</subfield>
                            <subfield code="n">0</subfield>
                        </datafield>
                        <datafield tag="711" ind1="2" ind2=" "><subfield code="a">Australian Conference for Cognitive Neuropsychology and Cognitive Neuropsychiatry</subfield>
                            <subfield code="d">2001</subfield>
                            <subfield code="c">Deakin University Geelong</subfield>
                        </datafield>
                        <datafield tag="596" ind1=" " ind2=" "><subfield code="a">E3</subfield>
                        </datafield>
                       <datafield tag="655" ind1=" " ind2="7"><subfield code="a">Conference Paper</subfield>                       
                       </datafield>
                        <datafield tag="035" ind1=" " ind2=" "><subfield code="a">RM 2001012127</subfield>
                        </datafield>
                        <datafield tag="710" ind1="2" ind2=" ">
                            <subfield code="a">Macquarie University</subfield>
                            <subfield code="b">Linguistics</subfield>
                        </datafield>
                              <datafield tag="260" ind1=" " ind2=" "><subfield code="a">Melbourne Australia</subfield>
                            <subfield code="b">The Australian Psychological Society Limited</subfield>
                            <subfield code="c">2003</subfield>
                        </datafield>
                        <datafield tag="041" ind1="0" ind2=" "><subfield code="a">eng</subfield>
                        </datafield>
                        <datafield tag="546" ind1="0" ind2=" "><subfield code="a">eng</subfield>
                        </datafield>                       
                    </record>
                 
               </collection>
             </utfx:expected>
        </utfx:assert-equal>
    </utfx:test>
    
   
</utfx:tests>
